<?xml version="1.0" encoding="UTF-8"?><collection xmlns="http://www.loc.gov/MARC21/slim"><record><leader>00500nam--2200169-u-4500</leader><controlfield tag="001">000052176</controlfield><controlfield tag="002">20161230</controlfield><controlfield tag="005">20161230201049</controlfield><controlfield tag="008">100318s1000------------r-----000-0-rus-d</controlfield><datafield ind1=" " ind2=" " tag="040"><subfield code="a">IFIN-HH</subfield></datafield><datafield ind1=" " ind2=" " tag="041"><subfield code="a">rus</subfield></datafield><datafield ind1="1" ind2=" " tag="100"><subfield code="a">Dwight, Herbert Bristol</subfield></datafield><datafield ind1="1" ind2=" " tag="245"><subfield code="a">Tabliti integralov i drughie matematiceskie formulii</subfield><subfield code="b">Tables of Integrals and Other Mathematical Data</subfield><subfield code="c">Herbert Bristol Dwight</subfield></datafield><datafield ind1=" " ind2=" " tag="260"><subfield code="a">Nauka</subfield><subfield code="b">Moskva</subfield><subfield code="c">1969</subfield></datafield><datafield ind1=" " ind2=" " tag="300"><subfield code="a">228 p</subfield></datafield><datafield ind1=" " ind2=" " tag="852"><subfield code="a">30940</subfield><subfield code="c">518.2</subfield></datafield><datafield ind1=" " ind2=" " tag="CAT"><subfield code="a">Sys</subfield><subfield code="c">20100318</subfield><subfield code="h">122037</subfield></datafield></record></collection>